@misc{Li:2017,
  title = "{D}aily{D}ialog: A Manually Labelled Multi-turn Dialogue Dataset",
  author = {Li, Y. and Su, Hui and Shen, Xiaoyu and Li, Wenjie and Cao, Ziqiang and Niu, Shuzi},
  booktitle = {Proceedings of the Eighth International Joint Conference on Natural Language Processing},
  howpublished = {IJCNLP},
  year = {2017},
  address = {Taipei, Taiwan},
}

@misc{Pereira:2022, 
    title={Deep Emotion Recognition in Textual Conversations: A Survey}, 
    publisher={arXiv}, 
    author={Pereira, P. and Moniz, H. and Carvalho, J. P. and Bengio, G.}, 
    year={2022}, 
    month={Nov}, 
}

% survey ERC 2019
@misc{Poria:2019,
  author={Poria, S. and Majumder, N. and Mihalcea, Rada and Hovy, Eduard},
  howpublished={IEEE Access}, 
  title={Emotion Recognition in Conversation: Research Challenges, Datasets, and Recent Advances}, 
  year={2019},
  volume={7},
  number={},
}

@misc{Koch:2015, 
  title={Siamese Neural Networks for One-shot Image Recognition}, 
  author={Koch, G. and Zemel, R. and Salakhutdinov, R. and Bengio, G.}, 
  year={2015}, 
}

% MCC formula
@article{Matthews:1975,
  title={Comparison of the predicted and observed secondary structure of T4 phage lysozyme.},
  author={B. W. Matthews},
  journal={Biochimica et biophysica acta},
  year={1975},
}

% More about the concept of attention
@misc{Bahdanau:2014,
author = {Bahdanau, D. and Cho, K. and Bengio, Y. and Bengio, G.},
title = {Neural Machine Translation by Jointly Learning to Align and Translate},
howpublished = {ICLR},
year = {2015},
}

% Concept of Transformer
@misc{Vaswani:2017,
      title={Attention Is All You Need}, 
      author={A. Vaswani and Noam Shazeer and Niki Parmar and Jakob Uszkoreit and Llion Jones and Aidan N. Gomez and Lukasz Kaiser and Illia Polosukhin},
      year={2017},
}

